%---------------------------------------------------------------------------%
%-                                                                         -%
%-                             Bibliography                                -%
%-                                                                         -%
%---------------------------------------------------------------------------%
@book{wikibook2014latex,
	title={http://en.wikibooks.org/wiki/LaTeX},
	author={Wikibook},
	year={2014},
	publisher={On-line Resources}
}
@article{li2018towards,
  title={Towards reading hidden emotions: A comparative study of spontaneous micro-expression spotting and recognition methods},
  author={Li, Xiaobai and Hong, Xiaopeng and Moilanen, Antti and Huang, Xiaohua and Pfister, Tomas and Zhao, Guoying and Pietik{\"a}inen, Matti},
  journal={IEEE Transactions on Affective Computing},
  volume={9},
  number={4},
  pages={563--577},
  year={2018},
  publisher={IEEE}
}
@book{lamport1986document,
	title={Document Preparation System},
	author={Lamport, Leslie},
	year={1986},
	publisher={Addison-Wesley Reading, MA}
}
@article{chen2005zhulu,
	title={著录文后参考文献的规则及注意事项},
	author={陈浩元},
	key={Chen Hao Yuan},
	journal={编辑学报},
	volume={17},
	number={6},
	pages={413--415},
	year={2005}
}
@book{chu2004tushu,
	title={图书馆数字参考咨询服务研究},
	author={初景利},
	key={Chu Jing Li},
	year={2004},
	address={北京},
	publisher={北京图书馆出版社}
}
@article{stamerjohanns2009mathml,
	title={{MathML}-aware article conversion from {LaTeX}},
	author={Stamerjohanns, Heinrich and Ginev, Deyan and David, Catalin and Misev, Dimitar and Zamdzhiev, Vladimir and Kohlhase, Michael},
	journal={Towards a Digital Mathematics Library},
	volume={16},
	number={2},
	pages={109--120},
	year={2009},
	publisher={Masaryk University Press}
}
@book{hls2012jinji,
	author       = {哈里森·沃尔德伦},
	key          = {Haliseng Woerdelun},
	translator   = {谢远涛},
	title        = {经济数学与金融数学},
	address      = {北京},
	publisher    = {中国人民大学出版社},
	year         = {2012},
	pages        = {235--236},
}
@proceedings{niu2013zonghe,
	editor       = {牛志明 and 斯温兰德 and 雷光春},
	key          = {Niu Zhi Ming Siwenlande Lei Guang Chun},
	title        = {综合湿地管理国际研讨会论文集},
	address      = {北京},
	publisher    = {海洋出版社},
	year         = {2013},
}
@incollection{chen1980zhongguo,
	author       = {陈晋镳 and 张惠民 and 朱士兴 and 赵震 and
	王振刚},
	key          = {Chen Jing Ao Zhang Hui Ming Zhu Shi Xing Zhao Zhen Wang Zhen Gang},
	title        = {蓟县震旦亚界研究},
	editor       = {中国地质科学院天津地质矿产研究所},
	booktitle    = {中国震旦亚界},
	address      = {天津},
	publisher    = {天津科学技术出版社},
	year         = {1980},
	pages        = {56--114},
}
@INPROCEEDINGS{pfister2011recognising,
	AUTHOR =       {Pfister, Tomas and Li, Xiaobai and Zhao, Guoying and Pietik{\"a}inen, Matti},
	TITLE =        {Recognising spontaneous facial micro-expressions},
	BOOKTITLE =    {Computer Vision (ICCV), 2011 IEEE International Conference on},
	YEAR =         {2011},
	publisher =    {IEEE},
	file = F
}

@INPROCEEDINGS{ruiz2013encoding,
	AUTHOR =       {Ruiz-Hernandez, John A and Pietik{\"a}inen, Matti},
	TITLE =        {Encoding local binary patterns using the re-parametrization of the second order gaussian jet},
	BOOKTITLE =    {Automatic Face and Gesture Recognition (FG), 2013 10th IEEE International Conference and Workshops on},
	YEAR =         {2013},
	publisher =    {IEEE},
	file = F
}

@INPROCEEDINGS{wang2014micro,
	AUTHOR =       {Wang, Su-Jing and Yan, Wen-Jing and Zhao, Guoying and Fu, Xiaolan and Zhou, Chun-Guang},
	TITLE =        {Micro-expression recognition using robust principal component analysis and local spatiotemporal directional features},
	BOOKTITLE =    {Workshop at the European conference on computer vision},
	YEAR =         {2014},
	publisher =    {Springer},
	file = F
}

@INPROCEEDINGS{wang2014lbp,
	AUTHOR =       {Wang, Yandan and See, John and Phan, Raphael C-W and Oh, Yee-Hui},
	TITLE =        {Lbp with six intersection points: Reducing redundant information in lbp-top for micro-expression recognition},
	BOOKTITLE =    {Asian Conference on Computer Vision},
	YEAR =         {2014},
	publisher =    {Springer},
	file = F
}

@INPROCEEDINGS{wang2015efficient,
	AUTHOR =       {Wang, Yandan and See, John and Phan, Raphael C-W and Oh, Yee-Hui},
	TITLE =        {Efficient spatio-temporal local binary patterns for spontaneous facial micro-expression recognition},
	BOOKTITLE =    {PloS one},
	YEAR =         {2015},
	publisher =    {Public Library of Science},
	file = F
}

@INPROCEEDINGS{wang2014micro2,
	AUTHOR =       {Wang, Su-Jing and Yan, Wen-Jing and Li, Xiaobai and Zhao, Guoying and Fu, Xiaolan},
	TITLE =        {Micro-expression recognition using dynamic textures on tensor independent color space},
	BOOKTITLE =    {2014 22nd International Conference on Pattern Recognition (ICPR)},
	YEAR =         {2014},
	publisher =    {IEEE},
	file = F
}

@INPROCEEDINGS{le2014spontaneous,
	AUTHOR =       {Le Ngo, Anh Cat and Phan, Raphael Chung-Wei and See, John},
	TITLE =        {Spontaneous subtle expression recognition: Imbalanced databases and solutions},
	BOOKTITLE =    {Asian conference on computer vision},
	YEAR =         {2014},
	publisher =    {Springer},
	file = F
}

@INPROCEEDINGS{liong2014subtle,
	AUTHOR =       {Liong, Sze-Teng and See, John and Phan, Raphael C-W and Le Ngo, Anh Cat and Oh, Yee-Hui and Wong, KokSheik},
	TITLE =        {Subtle expression recognition using optical strain weighted features},
	BOOKTITLE =    {Asian conference on computer vision},
	YEAR =         {2014},
	publisher =    {Springer},
	file = F
}

@INPROCEEDINGS{oh2015monogenic,
	AUTHOR =       {Oh, Yee-Hui and Le Ngo, Anh Cat and See, John and Liong, Sze-Teng and Phan, Raphael C-W and Ling, Huo-Chong},
	TITLE =        {Monogenic riesz wavelet representation for micro-expression recognition},
	BOOKTITLE =    {Digital Signal Processing (DSP), 2015 IEEE International Conference on},
	YEAR =         {2015},
	publisher =    {IEEE},
	file = F
}

@INPROCEEDINGS{liu2016mainl,
	AUTHOR =       {Liu, Yong-Jin and Zhang, Jin-Kai and Yan, Wen-Jing and Wang, Su-Jing and Zhao, Guoying and Fu, Xiaolan},
	TITLE =        {A main directional mean optical flow feature for spontaneous micro-expression recognition},
	BOOKTITLE =    {IEEE Transactions on Affective Computing},
	YEAR =         {2016},
	publisher =    {IEEE},
	file = F
}

@INPROCEEDINGS{li2017towardsl,
	AUTHOR =       {Li, Xiaobai and Xiaopeng, HONG and Moilanen, Antti and Huang, Xiaohua and Pfister, Tomas and Zhao, Guoying and Pietik{\"a}inen, Matti},
	TITLE =        {Towards reading hidden emotions: A comparative study of spontaneous micro-expression spotting and recognition methods},
	BOOKTITLE =    {IEEE Transactions on Affective Computing},
	YEAR =         {2017},
	publisher =    {IEEE},
	file = F
}

@INPROCEEDINGS{lu2014delaunay,
	AUTHOR =       {Lu, Zhaoyu and Luo, Ziqi and Zheng, Huicheng and Chen, Jikai and Li, Weihong},
	TITLE =        {A Delaunay-based temporal coding model for micro-expression recognition},
	BOOKTITLE =    {Asian conference on computer vision},
	YEAR =         {2014},
	publisher =    {Springer},
	file = F
}

@INPROCEEDINGS{xu2017microexpression,
	AUTHOR =       {Xu, Feng and Zhang, Junping and Wang, James Z}
	TITLE =        {Microexpression identification and categorization using a facial dynamics map},
	BOOKTITLE =    {IEEE Transactions on Affective Computing},
	YEAR =         {2017},
	publisher =    {IEEE},
	file = F
}

@INPROCEEDINGS{he2017multi,
	AUTHOR =       {He, Jiachi and Hu, Jian-Fang and Lu, Xi and Zheng, Wei-Shi},
	TITLE =        {Multi-task mid-level feature learning for micro-expression recognition},
	BOOKTITLE =    {Pattern Recognition},
	YEAR =         {2017},
	publisher =    {Elsevier},
	file = F
}

@INPROCEEDINGS{patel2016selective,
	AUTHOR =       {Patel, Devangini and Hong, Xiaopeng and Zhao, Guoying},
	TITLE =        {Selective deep features for micro-expression recognition},
	BOOKTITLE =    {Pattern Recognition (ICPR), 2016 23rd International Conference on},
	YEAR =         {2016},
	publisher =    {IEEE},
	file = F
}

@INPROCEEDINGS{lei2011local,
	AUTHOR =       {Lei, Zhen and Ahonen, Timo and Pietik{\"a}inen, Matti and Li, Stan Z},
	TITLE =        {Local frequency descriptor for low-resolution face recognition},
	BOOKTITLE =    {Automatic Face \& Gesture Recognition and Workshops (FG 2011), 2011 IEEE International Conference on},
	YEAR =         {2011},
	publisher =    {IEEE},
	file = F
}

@INPROCEEDINGS{wang2014low,
	AUTHOR =       {Wang, Zhifei and Miao, Zhenjiang and Wu, QM Jonathan and Wan, Yanli and Tang, Zhen},
	TITLE =        {Low-resolution face recognition: a review},
	BOOKTITLE =    {The Visual Computer},
	YEAR =         {2014},
	publisher =    {Springer},
	file = F
}

@INPROCEEDINGS{li2013spontaneous,
	AUTHOR =       {Li, Xiaobai and Pfister, Tomas and Huang, Xiaohua and Zhao, Guoying and Pietik{\"a}inen, Matti},
	TITLE =        {A spontaneous micro-expression database: Inducement, collection and baseline},
	BOOKTITLE =    {Automatic face and gesture recognition (fg), 2013 10th ieee international conference and workshops on},
	YEAR =         {2013},
	publisher =    {IEEE},
	file = F
}

@INPROCEEDINGS{yan2014casme,
	AUTHOR =       {Yan, Wen-Jing and Li, Xiaobai and Wang, Su-Jing and Zhao, Guoying and Liu, Yong-Jin and Chen, Yu-Hsin and Fu, Xiaolan},
	TITLE =        {CASME II: An improved spontaneous micro-expression database and the baseline evaluation},
	BOOKTITLE =    {PloS one},
	YEAR =         {2014},
	publisher =    {Public Library of Science},
	file = F
}

@INPROCEEDINGS{shi2018hallucinating,
	AUTHOR =       {Shi, Jingang and Liu, Xin and Zong, Yuan and Qi, Chun and Zhao, Guoying},
	TITLE =        {Hallucinating Face Image by Regularization Models in High-Resolution Feature Space},
	BOOKTITLE =    {IEEE Transactions on Image Processing},
	YEAR =         {2018},
	publisher =    {IEEE},
	file = F
}

@INPROCEEDINGS{zhou2011towards,
	AUTHOR =       {Zhou, Ziheng and Zhao, Guoying and Pietik{\"a}inen, Matti},
	TITLE =        {Towards a practical lipreading system},
	BOOKTITLE =    {Computer Vision and Pattern Recognition (CVPR), 2011 IEEE Conference on},
	YEAR =         {2011},
	publisher =    {IEEE},
	file = F
}

@INPROCEEDINGS{cootes1995active,
	AUTHOR =       {Cootes, Timothy F and Taylor, Christopher J and Cooper, David H and Graham, Jim},
	TITLE =        {Active shape models-their training and application},
	BOOKTITLE =    {Computer vision and image understanding},
	YEAR =         {1995},
	publisher =    {Elsevier},
	file = F
}

@INPROCEEDINGS{goshtasby1988image,
	AUTHOR =       {Goshtasby, Ardeshir},
	TITLE =        {Image registration by local approximation methods},
	BOOKTITLE =    {Image and Vision Computing},
	YEAR =         {1988},
	publisher =    {Elsevier},
	file = F
}

@INPROCEEDINGS{zhao2007dynamic,
	AUTHOR =       {Zhao, Guoying and Pietik{\"a}inen, Matti},
	TITLE =        {Dynamic texture recognition using local binary patterns with an application to facial expressions},
	BOOKTITLE =    {IEEE transactions on pattern analysis and machine intelligence},
	YEAR =         {2007},
	publisher =    {IEEE},
	file = F
}
@INPROCEEDINGS{chang2011libsvm,
	AUTHOR =       {Chang, Chih-Chung and Lin, Chih-Jen},
	TITLE =        {LIBSVM: a library for support vector machines},
	BOOKTITLE =    {ACM transactions on intelligent systems and technology (TIST)},
	YEAR =         {2011},
	publisher =    {ACM},
	file = F
}

@article{FLBPTOP_2016,
	author={Xiaopeng Hong and Yingyue Xu and Guoying Zhao},
	title={LBP-TOP: a Tensor Unfolding Revisit},
	BOOKTITLE =    {Asian Conference on Computer Vision},
	YEAR =         {2016},
	publisher =    {Springer},
	file = F
}
@book{wikibook2014latex,
    title={http://en.wikibooks.org/wiki/LaTeX},
    author={Wikibook},
    year={2014},
    publisher={On-line Resources}
}
@book{lamport1986document,
    title={Document Preparation System},
    author={Lamport, Leslie},
    year={1986},
    publisher={Addison-Wesley Reading, MA}
}
@article{chen2005zhulu,
    title={著录文后参考文献的规则及注意事项},
    author={陈浩元},
    key={Chen Hao Yuan},
    journal={编辑学报},
    volume={17},
    number={6},
    pages={413--415},
    year={2005}
}
@book{chu2004tushu,
    title={图书馆数字参考咨询服务研究},
    author={初景利},
    key={Chu Jing Li},
    year={2004},
    address={北京},
    publisher={北京图书馆出版社}
}
@article{stamerjohanns2009mathml,
    title={{MathML}-aware article conversion from {LaTeX}},
    author={Stamerjohanns, Heinrich and Ginev, Deyan and David, Catalin and Misev, Dimitar and Zamdzhiev, Vladimir and Kohlhase, Michael},
    journal={Towards a Digital Mathematics Library},
    volume={16},
    number={2},
    pages={109--120},
    year={2009},
    publisher={Masaryk University Press}
}
@book{hls2012jinji,
    author       = {哈里森·沃尔德伦},
    key          = {Haliseng Woerdelun},
    translator   = {谢远涛},
    title        = {经济数学与金融数学},
    address      = {北京},
    publisher    = {中国人民大学出版社},
    year         = {2012},
    pages        = {235--236},
}
@proceedings{niu2013zonghe,
    editor       = {牛志明 and 斯温兰德 and 雷光春},
    key          = {Niu Zhi Ming Siwenlande Lei Guang Chun},
    title        = {综合湿地管理国际研讨会论文集},
    address      = {北京},
    publisher    = {海洋出版社},
    year         = {2013},
}
@incollection{chen1980zhongguo,
    author       = {陈晋镳 and 张惠民 and 朱士兴 and 赵震 and
        王振刚},
    key          = {Chen Jing Ao Zhang Hui Ming Zhu Shi Xing Zhao Zhen Wang Zhen Gang},
    title        = {蓟县震旦亚界研究},
    editor       = {中国地质科学院天津地质矿产研究所},
    booktitle    = {中国震旦亚界},
    address      = {天津},
    publisher    = {天津科学技术出版社},
    year         = {1980},
    pages        = {56--114},
}
@article{yuan2012lana,
    author       = {袁训来 and 陈哲 and 肖书海},
    key          = {Yuan xun lai Chen zhe Xiao shu Hai},
    title        = {蓝田生物群: 一个认识多细胞生物起源和早期演化的新窗口 -- 篇一},
    journal      = {科学通报},
    year         = {2012},
    volume       = {57},
    number       = {34},
    pages        = {3219},
}
@article{yuan2012lanb,
    author       = {袁训来 and 陈哲 and 肖书海},
    key          = {Yuan xun lai Chen zhe Xiao shu Hai},
    title        = {蓝田生物群: 一个认识多细胞生物起源和早期演化的新窗口 -- 篇二},
    journal      = {科学通报},
    year         = {2012},
    volume       = {57},
    number       = {34},
    pages        = {3219},
}
@article{yuan2012lanc,
    author       = {袁训来 and 陈哲 and 肖书海},
    key          = {Yuan xun lai Chen zhe Xiao shu Hai},
    title        = {蓝田生物群: 一个认识多细胞生物起源和早期演化的新窗口 -- 篇三},
    journal      = {科学通报},
    year         = {2012},
    volume       = {57},
    number       = {34},
    pages        = {3219},
}
@article{walls2013drought,
    author       = {Walls, Susan C. and Barichivich, William J. and Brown, Mary
        E.},
    title        = {Drought, deluge and declines: the impact of precipitation
        extremes on amphibians in a changing climate},
    journal      = {Biology},
    year         = {2013},
    volume       = {2},
    number       = {1},
    pages        = {399--418},
    urldate      = {2013-11-04},
    url          = {http://www.mdpi.com/2079-7737/2/1/399},
    doi          = {10.3390/biology2010399},
}
@article{Bohan1928,
    author = { ボハン, デ},
    title = { 過去及び現在に於ける英国と会 },
    journal = { 日本時報 },
    year = { 1928 },
    volume = { 17 },
    pages = { 5-9 },
    edition = { 9 },
    hyphenation = { japanese },
    language = { japanese }
}

@article{Dubrovin1906,
    author = { Дубровин, А. И },
    title = { Открытое письмо Председателя Главного Совета Союза Русского Народа Санкт-Петербургскому Антонию, Первенствующему члену Священного Синода },
    journal = { Вече },
    year = { 1906 },
    volume = {  },
    edition = { 97 },
    month = { 7 дек. 1906 },
    pages = { 1-3 },
    hyphenation = { russian },
    language = { russian }
}
%---------------------------------------------------------------------------%
